
@book{Goodman2005,
  address = {Englewood, Colo},
  edition = {3rd ed},
  title = {Introduction to Fourier optics},
  isbn = {0974707724 9780974707723},
  lccn = {QC355 .G65 2005},
  timestamp = {2015-04-23 16:58:53},
  publisher = {Roberts \& Co},
  author = {Goodman, Joseph W.},
  year = {2005},
  keywords = {Fourier transform optics}
}

@phdthesis{EcheverriChacon2015,
  address = {Universidad {EAFIT}},
  title = {Generaci{\'o}n y caracterizaci{\'o}n de v{\'o}rtices {\'o}pticos mediante moduladores espaciales de luz},
  timestamp = {2015-06-05 12:01:47},
  author = {Echeverri Chac{\'o}n, Santiago},
  year = {2015},
  file = {Echeverri Chacón_2015_Generación y caracterización de vórtices ópticos mediante moduladores.pdf:/home/ccuartas/Documentos/Art. Zotero//undefined/2015/Echeverri Chacón_2015_Generación y caracterización de vórtices ópticos mediante moduladores.pdf:application/pdf}
}

@book{Gennes2007,
  address = {Oxford},
  edition = {2. ed., Reprint},
  series = {The international series of monographs on physics},
  title = {The physics of liquid crystals},
  isbn = {9780198517856 9780198517856},
  language = {eng},
  timestamp = {2015-05-05 15:18:32},
  number = {83},
  publisher = {Clarendon Press},
  author = {Gennes, Pierre Gilles de and Prost, Jacques},
  year = {2007},
  keywords = {Fl{\"u}ssigkristall,Liquid crystals}
}

@article{Schemmel2014,
  title = {A modular spiral phase plate design for orbital angular momentum generation at millimetre wavelengths},
  volume = {22},
  issn = {1094-4087},
  url = {http://www.opticsinfobase.org/abstract.cfm?URI=oe-22-12-14712},
  doi = {10.1364/OE.22.014712},
  language = {en},
  timestamp = {2015-04-30 21:18:20},
  number = {12},
  urldate = {2015-04-30},
  journal = {Optics Express},
  author = {Schemmel, Peter and Pisano, Giampaolo and Maffei, Bruno},
  month = jun,
  year = {2014},
  pages = {14712},
  file = {Schemmel et al_2014_A modular spiral phase plate design for orbital angular momentum generation at.pdf:/home/ccuartas/Documentos/Art. Zotero//Optics Express/2014/Schemmel et al_2014_A modular spiral phase plate design for orbital angular momentum generation at.pdf:application/pdf}
}

@article{Heckenberg1992,
  title = {Generation of optical phase singularities by computer-generated holograms},
  volume = {17},
  url = {http://www.opticsinfobase.org/viewmedia.cfm?id=11001\&seq=0},
  timestamp = {2015-04-30 21:32:10},
  number = {3},
  urldate = {2015-04-30},
  journal = {Opt. Lett},
  author = {Heckenberg, N. R. and {McDuff}, R. and Smith, C. P. and White, A. G.},
  year = {1992},
  pages = {221--223},
  file = {Heckenberg et al_1992_Generation of optical phase singularities by computer-generated holograms.pdf:/home/ccuartas/Documentos/Art. Zotero//Opt. Lett/1992/Heckenberg et al_1992_Generation of optical phase singularities by computer-generated holograms.pdf:application/pdf}
}

@phdthesis{Burman2010,
  address = {Argentina},
  title = {Caracterizaci{\'o}n y control de un microdisplay como modulador espacial de luz},
  timestamp = {2015-05-12 17:06:43},
  school = {Universidad de Buenos Aires},
  author = {Burman, Ariel},
  year = {2010},
  file = {Burman_2010_Caracterización y control de un microdisplay como modulador espacial de luz.pdf:/home/ccuartas/Documentos/Art. Zotero//Universidad de Buenos Aires/2010/Burman_2010_Caracterización y control de un microdisplay como modulador espacial de luz.pdf:application/pdf}
}

@phdthesis{Uribe2011,
  address = {Espa{\~n}a},
  title = {Optical Space Applications of Liquid Crystals: Polarimetry and Photon Orbital Angular Momentum in remote sensing},
  timestamp = {2015-05-12 17:08:57},
  school = {Universidad Complutense de Madrid},
  author = {Uribe Patarroyo, N{\'e}stor Ra{\'u}l},
  year = {2011},
  file = {Tesis_Nestor_Uribe:/home/ccuartas/.zotero/zotero/wqheqv22.default/zotero/storage/S5KHEABK/tesis_doctorado.pdf:application/pdf}
}

@article{Baba2001,
  title = {Measurement of telescope aberrations through atmospheric turbulence by use of phase diversity},
  volume = {40},
  url = {http://www.opticsinfobase.org/abstract.cfm?uri=ao-40-4-544},
  timestamp = {2015-04-23 15:23:06},
  number = {4},
  urldate = {2015-04-23},
  journal = {Applied optics},
  author = {Baba, Naoshi and Mutoh, Kohta},
  year = {2001},
  pages = {544--552},
  file = {Baba_Mutoh_2001_Measurement of telescope aberrations through atmospheric turbulence by use of.pdf:/home/ccuartas/Documentos/Art. Zotero//Applied optics/2001/Baba_Mutoh_2001_Measurement of telescope aberrations through atmospheric turbulence by use of.pdf:application/pdf}
}

@incollection{Dennis2009,
  title = {Chapter 5 Singular Optics: Optical Vortices and Polarization Singularities},
  volume = {53},
  isbn = {9780444533609},
  shorttitle = {Chapter 5 Singular Optics},
  url = {http://linkinghub.elsevier.com/retrieve/pii/S0079663808002059},
  language = {en},
  timestamp = {2015-04-23 15:23:21},
  urldate = {2015-04-23},
  booktitle = {Progress in Optics},
  publisher = {Elsevier},
  author = {Dennis, Mark R. and O'Holleran, Kevin and Padgett, Miles J.},
  year = {2009},
  pages = {293--363},
  file = {Dennis et al_2009_Chapter 5 Singular Optics.pdf:/home/ccuartas/Documentos/Art. Zotero//Elsevier/2009/Dennis et al_2009_Chapter 5 Singular Optics.pdf:application/pdf}
}

@phdthesis{Cheng2013,
  title = {Optical Vortex Beams: Generation, Propagation and Applications},
  shorttitle = {Optical Vortex Beams},
  url = {https://etd.ohiolink.edu/!etd.send_file?accession=dayton1375370902\&disposition=inline},
  timestamp = {2015-04-23 15:23:19},
  urldate = {2015-04-23},
  school = {University of Dayton},
  author = {Cheng, Wen},
  year = {2013},
  file = {Cheng_2013_Optical Vortex Beams.pdf:/home/ccuartas/Documentos/Art. Zotero//University of Dayton/2013/Cheng_2013_Optical Vortex Beams.pdf:application/pdf}
}

@article{Harm2015,
  title = {Adjustable diffractive spiral phase plates},
  volume = {23},
  issn = {1094-4087},
  url = {http://www.opticsinfobase.org/abstract.cfm?URI=oe-23-1-413},
  doi = {10.1364/OE.23.000413},
  language = {en},
  timestamp = {2015-04-23 15:23:25},
  number = {1},
  urldate = {2015-04-23},
  journal = {Optics Express},
  author = {Harm, Walter and Bernet, Stefan and Ritsch-Marte, Monika and Harder, Irina and Lindlein, Norbert},
  month = jan,
  year = {2015},
  pages = {413},
  file = {Harm et al_2015_Adjustable diffractive spiral phase plates.pdf:/home/ccuartas/Documentos/Art. Zotero//Optics Express/2015/Harm et al_2015_Adjustable diffractive spiral phase plates.pdf:application/pdf}
}

@article{Paxman1992,
  title = {Joint estimation of object and aberrations by using phase diversity},
  volume = {9},
  url = {http://www.opticsinfobase.org/abstract.cfm?uri=josaa-9-7-1072},
  timestamp = {2015-04-23 15:23:49},
  number = {7},
  urldate = {2015-04-23},
  journal = {{JOSA} A},
  author = {Paxman, Richard G. and Schulz, Timothy J. and Fienup, James R.},
  year = {1992},
  pages = {1072--1085},
  file = {Paxman et al_1992_Joint estimation of object and aberrations by using phase diversity.pdf:/home/ccuartas/Documentos/Art. Zotero//JOSA A/1992/Paxman et al_1992_Joint estimation of object and aberrations by using phase diversity.pdf:application/pdf}
}

@article{Korkiakoski2012,
  title = {Joint optimization of phase diversity and adaptive optics: demonstration of potential},
  volume = {51},
  shorttitle = {Joint optimization of phase diversity and adaptive optics},
  url = {http://www.opticsinfobase.org/abstract.cfm?uri=ao-51-1-102},
  timestamp = {2015-04-23 15:23:34},
  number = {1},
  urldate = {2015-04-23},
  journal = {Applied optics},
  author = {Korkiakoski, Visa and Keller, Christoph U. and Doelman, Niek and Fraanje, Rufus and Verhaegen, Michel},
  year = {2012},
  pages = {102--113},
  file = {Korkiakoski et al_2012_Joint optimization of phase diversity and adaptive optics.pdf:/home/ccuartas/Documentos/Art. Zotero//Applied optics/2012/Korkiakoski et al_2012_Joint optimization of phase diversity and adaptive optics.pdf:application/pdf}
}

@phdthesis{Rozas1999,
  title = {Generation and Propagation of Optical Vortices},
  url = {https://www.wpi.edu/Pubs/ETD/Available/etd-081699-155739/unrestricted/rozas.pdf},
  timestamp = {2015-04-23 15:23:53},
  urldate = {2015-04-23},
  school = {{WORCESTER} {POLYTECHNIC} {INSTITUTE}},
  author = {Rozas, David},
  year = {1999},
  file = {Rozas_1999_Generation and Propagation of Optical Vortices.pdf:/home/ccuartas/Documentos/Art. Zotero//WORCESTER POLYTECHNIC INSTITUTE/1999/Rozas_1999_Generation and Propagation of Optical Vortices.pdf:application/pdf}
}

@article{Campbell2004,
  title = {Generalized phase diversity for wave-front sensing},
  volume = {29},
  url = {http://ol.osa.org/abstract.cfm?URI=ol-29-23-2707},
  doi = {10.1364/OL.29.002707},
  abstract = {Phase diversity is a phase-retrieval algorithm that uses a pair of intensity images taken symmetrically about the wave front to be determined. If these images are taken about the system input pupil this is equivalent to a curvature-sensing algorithm. Traditionally a defocus aberration kernel is used to produce the phase-diverse data. We present a generalization of this method to allow the use of other functions as the diversity kernel. We discuss the necessary and sufficient conditions that such a function must satisfy for use in a null wave-front sensor. Computer simulations were used to validate these results.},
  timestamp = {2015-04-23 15:23:17},
  number = {23},
  urldate = {2015-04-23},
  journal = {Opt. Lett.},
  author = {Campbell, Heather I. and Zhang, Sijiong and Greenaway, Alan H. and Restaino, Sergio},
  year = {2004},
  keywords = {Active or adaptive optics,Atmospheric and oceanic optics,Wave-front sensing},
  pages = {2707--2709},
  file = {Campbell et al_2004_Generalized phase diversity for wave-front sensing.pdf:/home/ccuartas/Documentos/Art. Zotero//Optics Letters/2004/Campbell et al_2004_Generalized phase diversity for wave-front sensing.pdf:application/pdf;Opt. Lett. Snapshot:/home/ccuartas/.zotero/zotero/wqheqv22.default/zotero/storage/4UF4NZH3/abstract.html:text/html}
}

@article{Blanchard2000,
  title = {Phase-diversity wave-front sensing with a distorted diffraction grating},
  volume = {39},
  url = {http://ao.osa.org/abstract.cfm?URI=ao-39-35-6649},
  doi = {10.1364/AO.39.006649},
  abstract = {We describe a novel wave-front sensor comprising a distorted diffraction
				grating, simple optics, and a single camera. A noniterative phase-diversity
				algorithm is used for wave-front reconstruction. The sensor concept and practical
				implementation are described in detail, and performance is validated against
				different Zernike modes and a representative atmospheric phase map.},
  timestamp = {2015-04-23 15:23:15},
  number = {35},
  urldate = {2015-04-23},
  journal = {Appl. Opt.},
  author = {Blanchard, Paul M. and Fisher, David J. and Woods, Simon C. and Greenaway, Alan H.},
  year = {2000},
  keywords = {Active or adaptive optics,Diffraction gratings,Multiple imaging,Wave-front sensing},
  pages = {6649--6655},
  file = {Appl. Opt. Snapshot:/home/ccuartas/.zotero/zotero/wqheqv22.default/zotero/storage/AE3WQSM6/abstract.html:text/html;Blanchard et al_2000_Phase-diversity wave-front sensing with a distorted diffraction grating.pdf:/home/ccuartas/Documentos/Art. Zotero//Applied Optics/2000/Blanchard et al_2000_Phase-diversity wave-front sensing with a distorted diffraction grating.pdf:application/pdf}
}


